<?xml version="1.0" encoding="UTF-8"?><collection xmlns="http://www.loc.gov/MARC21/slim"><record><leader>00430nam--2200133-i-4500</leader><controlfield tag="001">000028428</controlfield><controlfield tag="002">20161230</controlfield><controlfield tag="005">20161230201037</controlfield><controlfield tag="008">060222s1000------------r-----000-0-eng-d</controlfield><datafield ind1=" " ind2=" " tag="080"><subfield code="a">621.384.633(043)</subfield></datafield><datafield ind1=" " ind2=" " tag="100"><subfield code="a">Lennartz, Dieter</subfield></datafield><datafield ind1=" " ind2=" " tag="245"><subfield code="a">Phasenraummessungen und untersuchung der strahlparameter bei externer energievariation an einem 20 mev protonenzyklotron. disster</subfield></datafield><datafield ind1=" " ind2=" " tag="260"><subfield code="a">Berlin, Univ.Berlin, 1978, 89p</subfield></datafield><datafield ind1=" " ind2=" " tag="852"><subfield code="a">46992</subfield></datafield></record></collection>